<?xml version="1.0" encoding="UTF-8"?><collection xmlns="http://www.loc.gov/MARC21/slim"><record><leader>00372nam--2200133-i-4500</leader><controlfield tag="001">000039729</controlfield><controlfield tag="002">20161230</controlfield><controlfield tag="005">20161230201042</controlfield><controlfield tag="008">060222s1000------------r-----000-0-eng-d</controlfield><datafield ind1=" " ind2=" " tag="080"><subfield code="a">621.362:536=03.82=20</subfield></datafield><datafield ind1=" " ind2=" " tag="100"><subfield code="a">Preobrazhensky, V. P</subfield></datafield><datafield ind1=" " ind2=" " tag="245"><subfield code="a">Measurements and instrumentation in heat engineering. vol.1</subfield></datafield><datafield ind1=" " ind2=" " tag="260"><subfield code="a">Moscow, Mir Publishers, 1980, 352p</subfield></datafield><datafield ind1=" " ind2=" " tag="852"><subfield code="a">48855</subfield></datafield></record></collection>